@mvbook{assis08,
	author 	= {Machado de Assis},
	title 	= 	{Obra completa em quatro volumes},
	year 	= {2008},
	editor 	= {Aluizio Leite and Ana Lima Cecilio and Heloisa Jahn},
	editortype = {organizer},
	edition = {2},
	volumes = {4},
	publisher = {Nova Fronteira},
	location = {Rio de Janeiro},
	series = 	{Biblioteca luso-brasileira. SÃ©rie brasileira},
}

	

	
	

	

	
	
